
@online{w3.css,
  author = {{W3Schools}},
  year = {2017},
  title = {W3.CSS Tutorial},
  url = {https://www.w3schools.com/w3css/default.asp},
  comment = {abgerufen am: 31.12.2017},

}
@online{css,
  author = {{W3Schools}},
  year = {2017},
  title = {CSS Tutorial},
  url = {https://www.w3schools.com/css/default.asp},
  comment = {abgerufen am: 31.12.2017},

}

@online{css-lernen,
  author = {{Digitalagentur Kichberger Knorr}},
  title = {css-lernen},
  url = {http://www.css-lernen.net
},
  comment = {abgerufen am: 31.12.2017},
}

@online{kaskade,
  author = {{Ralph G. Schulz}},
  title = {CSS-Artikel: Kaskade},
  url = {http://www.css-cafe.de/art_kaskade.php},
  comment = {abgerufen am: 31.12.2017},
}

@online{dom.html,
  author = {{U. Häßler}},
  year = {2016},
  title = {Javascript DOM (Document Object Model)},
  url = 
{https://www.mediaevent.de/javascript/DOM.html},
comment = {abgerufen am: 31.12.2017},

}

@online{javascript,
  author = {{U. Häßler}},
  year = {2016},
  title = {{Javascript Basis}},
  url = 
{https://www.mediaevent.de/javascript/},
comment = {abgerufen am: 17.12.2017},

}

@online{html_huberlin,
  author = {{HU-Berlin}},
  year = {2001},
  title = {Grundgerüst einer HTML Datei},
  url = 
{https://www2.informatik.hu-berlin.de/Themen/www/selfhtml/html/allgemein/grundgeruest.htm},
comment = {abgerufen am: 17.12.2017},

}

@online{boxmodell,
  author = {{W3Schools}},
  year = {2017},
  title = {The CSS Box Modell},
  url = 
{https://www.w3schools.com/css/css_boxmodel.asp},
comment = {abgerufen am: 17.12.2017},

}
@online{angularjs,
  author = {{Sascha Brink}},
  year = {2014},
  title = {Angular JS Tutorial für Einsteiger},
  url = 
{https://angularjs.de/artikel/angularjs-tutorial-deutsch/},
comment = {abgerufen am: 17.12.2017},
}




