@BOOK{CSSbuch,
  title = {Grundlagen und Praxiswissen: Von Animationen bis Responsive Webdesign},
  publisher = {Rheinwerk Verlag}
  year = {2015},
  author = {Kai Laborenz},
}

@BOOK{JavaScriptEinfuehrung,
  title = {JavaScript. Einf√ºhrung - Programmierung - Referenz},
  publisher = {dpunkt Verlag}
  year = {2001},
  author = {Stefan Koch},
}

@BOOK{EinstiegJava,
  title = {Einstieg in JavaScript: Dynamische Webseiten erstellen. Inkl. Zusammenspiel von HTML, CSS, Ajax, jQuery, jQuery mobile u.v.m.},
  publisher = {Rheinwerk Computing}
  year = {2016},
  author = {Thomas Theis},
}

